<record><leader>00000cas a2200000 a 4500</leader><controlfield tag="001">27469632</controlfield><controlfield tag="008">930219d19281933iluwr ne      0   a0eng c</controlfield><datafield ind1=" " ind2=" " tag="010"><subfield code="a">sn 93055412 </subfield></datafield><datafield ind1=" " ind2=" " tag="040"><subfield code="a">NVF</subfield><subfield code="b">eng</subfield><subfield code="c">NVF</subfield><subfield code="d">OCLCQ</subfield><subfield code="d">CVF</subfield><subfield code="d">NVF</subfield><subfield code="d">OCLCQ</subfield><subfield code="d">OCLCF</subfield><subfield code="d">OCLCO</subfield><subfield code="d">NVF</subfield></datafield><datafield ind1=" " ind2=" " tag="042"><subfield code="a">pcc</subfield></datafield><datafield ind1=" " ind2=" " tag="043"><subfield code="a">n-us-il</subfield></datafield><datafield ind1="0" ind2="0" tag="245"><subfield code="a">Rochelle home journal.</subfield></datafield><datafield ind1=" " ind2=" " tag="260"><subfield code="a">Rochelle, Ill. :</subfield><subfield code="b">Check Stafford,</subfield><subfield code="c">1928-1933.</subfield></datafield><datafield ind1=" " ind2=" " tag="300"><subfield code="a">v.</subfield></datafield><datafield ind1=" " ind2=" " tag="310"><subfield code="a">Weekly,</subfield><subfield code="b">Jan. 1, 1931-Feb. 2, 1933</subfield></datafield><datafield ind1=" " ind2=" " tag="321"><subfield code="a">Weekly,</subfield><subfield code="b">Nov. 1, 1928-Aug. 22, 1929</subfield></datafield><datafield ind1=" " ind2=" " tag="321"><subfield code="a">Semiweekly,</subfield><subfield code="b">Aug. 27, 1929-Dec. 23, 1930</subfield></datafield><datafield ind1="0" ind2=" " tag="362"><subfield code="a">Vol. 1, no. 1 (Nov. 1, 1928)-v. 5, no. 21 (Feb. 2, 1933).</subfield></datafield><datafield ind1=" " ind2="0" tag="651"><subfield code="a">Rochelle (Ill.)</subfield><subfield code="v">Newspapers.</subfield></datafield><datafield ind1=" " ind2="7" tag="651"><subfield code="a">Illinois</subfield><subfield code="z">Rochelle.</subfield><subfield code="2">fast</subfield><subfield code="0">(OCoLC)fst01219148</subfield></datafield><datafield ind1=" " ind2="7" tag="655"><subfield code="a">Newspapers.</subfield><subfield code="2">fast</subfield><subfield code="0">(OCoLC)fst01423814</subfield></datafield><datafield ind1=" " ind2=" " tag="752"><subfield code="a">United States</subfield><subfield code="b">Illinois</subfield><subfield code="c">Ogle County</subfield><subfield code="d">Rochelle.</subfield></datafield><datafield ind1="0" ind2="5" tag="780"><subfield code="t">Free press (Rochelle, Ill.)</subfield></datafield><datafield ind1="0" ind2="0" tag="785"><subfield code="t">Northern Illinois Democrat</subfield><subfield code="w">(DLC)sn 93055413</subfield><subfield code="w">(OCoLC)27469812</subfield></datafield><datafield ind1="1" ind2=" " tag="029"><subfield code="a">AU@</subfield><subfield code="b">000020738987</subfield></datafield></record>